@book{Zangwill,
   title =     {Modern Electrodynamics},
   author =    {Andrew Zangwill},
   publisher = {Cambridge University Press},
   isbn =      {9780521896979,0521896975},
   year =      {2012},
   pages=      {693-704}
}
@book{Jackson,
  address = {New York, {NY}},
  author = {Jackson, John David},
  edition = {3rd ed.},
  interhash = {05096e24942ceab2a2e9f0d35a45183a},
  intrahash = {baac05176a92886bbe1eae5ee72cf234},
  isbn = {9780471309321},
  lccn = {538.3537.8},
  publisher = {Wiley},
  title = {Classical Electrodynamics},
  year = 1999
}
@book{handbook,
  author = {Abramowitz, Milton and Stegun, Irene A.},
  edition = {ninth Dover printing, tenth GPO printing},
  interhash = {d4914a420f489f7c5129ed01ec3cf80c},
  intrahash = {23ec744709b3a776a1af0a3fd65cd09f},
  publisher = {Dover},
  title = {Handbook of Mathematical Functions with Formulas, Graphs, and Mathematical Tables},
  year = 1964
}
@article{research1,
author = {Lai, Sheng-Jian and Wang, Bing-Zhong and Duan, Yong},
year = {2011},
month = {01},
pages = {69-76},
title = {Eigenvalue analysis of spherical resonant cavity using radial basis functions},
volume = {24},
journal = {Progress In Electromagnetics Research Letters},
doi = {10.2528/PIERL11040904}
}
@article{research2,
       author = {Mehl, James B. and Nyden Hill, Robert},
        title = "Acoustic eigenfrequencies of cavities with an internal                 obstacle: A modified perturbation theory",
      journal = {Acoustical Society of America Journal},
         year = 1989,
        month = may,
       volume = {85},
       number = {5},
        pages = {1841-1851},
          doi = {10.1121/1.397891},
      adsnote = {Provided by the SAO/NASA Astrophysics Data System}
}
@misc{Mathematica,
  author = {Wolfram Research{,} Inc.},
  title = {Mathematica, {V}ersion 12.1},
  url = {https://www.wolfram.com/mathematica},
  note = {Champaign, IL, 2020}
}